@Manual{Rutils,
    title = {R.utils: Various Programming Utilities},
    author = {Henrik Bengtsson},
    year = {2016},
    note = {R package version 2.3.0},
    url = {https://CRAN.R-project.org/package=R.utils},
  }

@Manual{magrittr,
    title = {magrittr: A Forward-Pipe Operator for R},
    author = {Stefan Milton Bache and Hadley Wickham},
    year = {2014},
    note = {R package version 1.5},
    url = {https://CRAN.R-project.org/package=magrittr},
  }

@Article{plyr,
    title = {The Split-Apply-Combine Strategy for Data Analysis},
    author = {Hadley Wickham},
    journal = {Journal of Statistical Software},
    year = {2011},
    volume = {40},
    number = {1},
    pages = {1--29},
    url = {http://www.jstatsoft.org/v40/i01/},
  }

@Article{reshape2,
    title = {Reshaping Data with the {reshape} Package},
    author = {Hadley Wickham},
    journal = {Journal of Statistical Software},
    year = {2007},
    volume = {21},
    number = {12},
    pages = {1--20},
    url = {http://www.jstatsoft.org/v21/i12/},
  }

@Book{ggplot2,
    author = {Hadley Wickham},
    title = {ggplot2: Elegant Graphics for Data Analysis},
    publisher = {Springer-Verlag New York},
    year = {2009},
    isbn = {978-0-387-98140-6},
    url = {http://ggplot2.org},
  }

@Manual{gridExtra,
    title = {gridExtra: Miscellaneous Functions for "Grid" Graphics},
    author = {Baptiste Auguie},
    year = {2016},
    note = {R package version 2.2.1},
    url = {https://CRAN.R-project.org/package=gridExtra},
  }

@Manual{stargazer,
    title = {stargazer: Well-Formatted Regression and Summary Statistics Tables},
    author = {Marek Hlavac},
    year = {2015},
    note = {R package version 5.2},
    organization = {Harvard University},
    address = {Cambridge, USA},
    url = {http://CRAN.R-project.org/package=stargazer},
  }

@incollection{knitr,
address = {Boca Raton},
author = {Xie, Yihui},
booktitle = {Implementing Reproducible Research},
editor = {Stodden, Victoria and Leisch, Friedrich and Peng, Roger D.},
publisher = {Chapman and Hall/CRC},
title = {{knitr: A Comprehensive Tool for Reproducible Research in R}},
year = {2014}
}
